@online{thuthesis,
  author =      {薛瑞尼},
  title =       {\thuthesis: 清华大学学位论文模板},
  citedate =    {2017-12-02},
  url =         {https://github.com/xueruini/thuthesis},
  language =    "chinese",
  year =        2017,
}

@inproceedings{durumeric2015search,
  title={A search engine backed by Internet-wide scanning},
  author={Durumeric, Zakir and Adrian, David and Mirian, Ariana and Bailey, Michael and Halderman, J Alex},
  booktitle={Proceedings of the 22nd ACM SIGSAC Conference on Computer and Communications Security},
  pages={542--553},
  year={2015},
  organization={ACM}
}

@article{matherly2009shodan,
  title={SHODAN the computer search engine},
  author={Matherly, John C},
  journal={Available at [Online]: http://www. shodanhq. com/help},
  year={2009}
}

@article{ehrenfeld2017wannacry,
  title={Wannacry, cybersecurity and health information technology: A time to act},
  author={Ehrenfeld, Jesse M},
  journal={Journal of medical systems},
  volume={41},
  number={7},
  pages={104},
  year={2017},
  publisher={Springer}
}

@inproceedings{mell2007complete,
  title={A complete guide to the common vulnerability scoring system version 2.0},
  author={Mell, Peter and Scarfone, Karen and Romanosky, Sasha},
  booktitle={Published by FIRST-Forum of Incident Response and Security Teams},
  volume={1},
  pages={23},
  year={2007}
}

@book{o2011metasploit,
  title={Metasploit: the penetration tester's guide},
  author={O'Gorman, Jim and Kearns, Devon and Aharoni, Mati},
  year={2011},
  publisher={No Starch Press}
}

@article{damele2012sqlmap,
  title={Sqlmap},
  author={Damele, Bernardo and Stampar, M},
  journal={Online at http://sqlmap. org},
  year={2012}
}

@article{thacker2006probabilistic,
  title={Probabilistic engineering analysis using the NESSUS software},
  author={Thacker, Ben H and Riha, David S and Fitch, Simeon HK and Huyse, Luc J and Pleming, Jason B},
  journal={Structural Safety},
  volume={28},
  number={1-2},
  pages={83--107},
  year={2006},
  publisher={Elsevier}
}

@book{lyon2009nmap,
  title={Nmap network scanning: The official Nmap project guide to network discovery and security scanning},
  author={Lyon, Gordon Fyodor},
  year={2009},
  publisher={Insecure}
}

@article{wiemer2001software,
  title={A software package to analyze seismicity: ZMAP},
  author={Wiemer, Stefan},
  journal={Seismological Research Letters},
  volume={72},
  number={3},
  pages={373--382},
  year={2001},
  publisher={Seismological Society of America}
}

@misc{singh2015breaking,
  title={Breaking the sandbox. Exploit-db. Com},
  author={Singh, Sudeep},
  year={2015}
}

@book{grinberg2018flask,
  title={Flask web development: developing web applications with python},
  author={Grinberg, Miguel},
  year={2018},
  publisher={" O'Reilly Media, Inc."}
}

@book{chodorow2013mongodb,
  title={MongoDB: The Definitive Guide: Powerful and Scalable Data Storage},
  author={Chodorow, Kristina},
  year={2013},
  publisher={" O'Reilly Media, Inc."}
}